%YAML 1.1
%TAG !u! tag:unity3d.com,2011:
--- !u!1 &172857529881601640
GameObject:
  m_ObjectHideFlags: 0
  m_CorrespondingSourceObject: {fileID: 0}
  m_PrefabInstance: {fileID: 0}
  m_PrefabAsset: {fileID: 0}
  serializedVersion: 6
  m_Component:
  - component: {fileID: 172857529881601653}
  - component: {fileID: 172857529881601655}
  - component: {fileID: 172857529881601654}
  - component: {fileID: 172857529881601641}
  - component: {fileID: 172857529881601650}
  m_Layer: 8
  m_Name: Enemy1
  m_TagString: Untagged
  m_Icon: {fileID: 0}
  m_NavMeshLayer: 0
  m_StaticEditorFlags: 0
  m_IsActive: 1
--- !u!4 &172857529881601653
Transform:
  m_ObjectHideFlags: 0
  m_CorrespondingSourceObject: {fileID: 0}
  m_PrefabInstance: {fileID: 0}
  m_PrefabAsset: {fileID: 0}
  m_GameObject: {fileID: 172857529881601640}
  m_LocalRotation: {x: 0, y: 0, z: 0, w: 1}
  m_LocalPosition: {x: 0, y: 0, z: 0}
  m_LocalScale: {x: 1, y: 1, z: 1}
  m_Children:
  - {fileID: 5263386649454954306}
  m_Father: {fileID: 0}
  m_RootOrder: 0
  m_LocalEulerAnglesHint: {x: 0, y: 0, z: 0}
--- !u!23 &172857529881601655
MeshRenderer:
  m_ObjectHideFlags: 0
  m_CorrespondingSourceObject: {fileID: 0}
  m_PrefabInstance: {fileID: 0}
  m_PrefabAsset: {fileID: 0}
  m_GameObject: {fileID: 172857529881601640}
  m_Enabled: 1
  m_CastShadows: 1
  m_ReceiveShadows: 1
  m_DynamicOccludee: 1
  m_MotionVectors: 1
  m_LightProbeUsage: 1
  m_ReflectionProbeUsage: 1
  m_RayTracingMode: 2
  m_RenderingLayerMask: 1
  m_RendererPriority: 0
  m_Materials:
  - {fileID: 2100000, guid: e34a5a44c5022034f8e018101c8a8aae, type: 2}
  m_StaticBatchInfo:
    firstSubMesh: 0
    subMeshCount: 0
  m_StaticBatchRoot: {fileID: 0}
  m_ProbeAnchor: {fileID: 0}
  m_LightProbeVolumeOverride: {fileID: 0}
  m_ScaleInLightmap: 1
  m_ReceiveGI: 1
  m_PreserveUVs: 0
  m_IgnoreNormalsForChartDetection: 0
  m_ImportantGI: 0
  m_StitchLightmapSeams: 1
  m_SelectedEditorRenderState: 3
  m_MinimumChartSize: 4
  m_AutoUVMaxDistance: 0.5
  m_AutoUVMaxAngle: 89
  m_LightmapParameters: {fileID: 0}
  m_SortingLayerID: 0
  m_SortingLayer: 0
  m_SortingOrder: 0
--- !u!136 &172857529881601654
CapsuleCollider:
  m_ObjectHideFlags: 0
  m_CorrespondingSourceObject: {fileID: 0}
  m_PrefabInstance: {fileID: 0}
  m_PrefabAsset: {fileID: 0}
  m_GameObject: {fileID: 172857529881601640}
  m_Material: {fileID: 0}
  m_IsTrigger: 1
  m_Enabled: 1
  m_Radius: 0.5
  m_Height: 2
  m_Direction: 1
  m_Center: {x: 0, y: 0, z: 0}
--- !u!114 &172857529881601641
MonoBehaviour:
  m_ObjectHideFlags: 0
  m_CorrespondingSourceObject: {fileID: 0}
  m_PrefabInstance: {fileID: 0}
  m_PrefabAsset: {fileID: 0}
  m_GameObject: {fileID: 172857529881601640}
  m_Enabled: 1
  m_EditorHideFlags: 0
  m_Script: {fileID: 11500000, guid: 3a6cc0edb515b264d87350ad60c37156, type: 3}
  m_Name: 
  m_EditorClassIdentifier: 
  startingHealth: 5
  currentMode: 0
  deathEffect: {fileID: 1215793708985496309, guid: db6a87d3b9c1cbc4fb533c9a87928c6d,
    type: 3}
--- !u!195 &172857529881601650
NavMeshAgent:
  m_ObjectHideFlags: 0
  m_CorrespondingSourceObject: {fileID: 0}
  m_PrefabInstance: {fileID: 0}
  m_PrefabAsset: {fileID: 0}
  m_GameObject: {fileID: 172857529881601640}
  m_Enabled: 1
  m_AgentTypeID: 0
  m_Radius: 0.5
  m_Speed: 3.5
  m_Acceleration: 20
  avoidancePriority: 50
  m_AngularSpeed: 720
  m_StoppingDistance: 0
  m_AutoTraverseOffMeshLink: 1
  m_AutoBraking: 1
  m_AutoRepath: 1
  m_Height: 2
  m_BaseOffset: 1
  m_WalkableMask: 4294967295
  m_ObstacleAvoidanceType: 4
--- !u!95 &1613982569861111778
Animator:
  serializedVersion: 3
  m_ObjectHideFlags: 0
  m_CorrespondingSourceObject: {fileID: 0}
  m_PrefabInstance: {fileID: 0}
  m_PrefabAsset: {fileID: 0}
  m_GameObject: {fileID: 9173858406377534801}
  m_Enabled: 1
  m_Avatar: {fileID: 0}
  m_Controller: {fileID: 9100000, guid: c5045766308320141928794e2af54948, type: 2}
  m_CullingMode: 0
  m_UpdateMode: 0
  m_ApplyRootMotion: 0
  m_LinearVelocityBlending: 0
  m_WarningMessage: 
  m_HasTransformHierarchy: 1
  m_AllowConstantClipSamplingOptimization: 1
  m_KeepAnimatorControllerStateOnDisable: 0
--- !u!195 &4457460073724506442
NavMeshAgent:
  m_ObjectHideFlags: 0
  m_CorrespondingSourceObject: {fileID: 0}
  m_PrefabInstance: {fileID: 0}
  m_PrefabAsset: {fileID: 0}
  m_GameObject: {fileID: 9173858406377534801}
  m_Enabled: 1
  m_AgentTypeID: 0
  m_Radius: 0.5
  m_Speed: 3.5
  m_Acceleration: 8
  avoidancePriority: 50
  m_AngularSpeed: 120
  m_StoppingDistance: 0
  m_AutoTraverseOffMeshLink: 1
  m_AutoBraking: 1
  m_AutoRepath: 1
  m_Height: 2
  m_BaseOffset: 0
  m_WalkableMask: 4294967295
  m_ObstacleAvoidanceType: 4
--- !u!1001 &896773279586610264
PrefabInstance:
  m_ObjectHideFlags: 0
  serializedVersion: 2
  m_Modification:
    m_TransformParent: {fileID: 172857529881601653}
    m_Modifications:
    - target: {fileID: -8970857068698672176, guid: 779b4ea00633fca43be9ba7ad702cc7e,
        type: 3}
      propertyPath: m_LocalEulerAnglesHint.x
      value: -2.57165
      objectReference: {fileID: 0}
    - target: {fileID: -8970857068698672176, guid: 779b4ea00633fca43be9ba7ad702cc7e,
        type: 3}
      propertyPath: m_LocalEulerAnglesHint.y
      value: 0.624149
      objectReference: {fileID: 0}
    - target: {fileID: -8970857068698672176, guid: 779b4ea00633fca43be9ba7ad702cc7e,
        type: 3}
      propertyPath: m_LocalEulerAnglesHint.z
      value: -10.889142
      objectReference: {fileID: 0}
    - target: {fileID: -8685165929451196581, guid: 779b4ea00633fca43be9ba7ad702cc7e,
        type: 3}
      propertyPath: m_LocalEulerAnglesHint.x
      value: 2.597882
      objectReference: {fileID: 0}
    - target: {fileID: -8685165929451196581, guid: 779b4ea00633fca43be9ba7ad702cc7e,
        type: 3}
      propertyPath: m_LocalEulerAnglesHint.y
      value: 0.007451623
      objectReference: {fileID: 0}
    - target: {fileID: -8685165929451196581, guid: 779b4ea00633fca43be9ba7ad702cc7e,
        type: 3}
      propertyPath: m_LocalEulerAnglesHint.z
      value: 0.111333236
      objectReference: {fileID: 0}
    - target: {fileID: -8253480604498883213, guid: 779b4ea00633fca43be9ba7ad702cc7e,
        type: 3}
      propertyPath: m_LocalEulerAnglesHint.x
      value: 59.902626
      objectReference: {fileID: 0}
    - target: {fileID: -8253480604498883213, guid: 779b4ea00633fca43be9ba7ad702cc7e,
        type: 3}
      propertyPath: m_LocalEulerAnglesHint.y
      value: -4.409944
      objectReference: {fileID: 0}
    - target: {fileID: -8253480604498883213, guid: 779b4ea00633fca43be9ba7ad702cc7e,
        type: 3}
      propertyPath: m_LocalEulerAnglesHint.z
      value: 19.10852
      objectReference: {fileID: 0}
    - target: {fileID: -7451652093389886231, guid: 779b4ea00633fca43be9ba7ad702cc7e,
        type: 3}
      propertyPath: m_LocalEulerAnglesHint.x
      value: 5.999153
      objectReference: {fileID: 0}
    - target: {fileID: -7451652093389886231, guid: 779b4ea00633fca43be9ba7ad702cc7e,
        type: 3}
      propertyPath: m_LocalEulerAnglesHint.y
      value: -0.3410202
      objectReference: {fileID: 0}
    - target: {fileID: -7451652093389886231, guid: 779b4ea00633fca43be9ba7ad702cc7e,
        type: 3}
      propertyPath: m_LocalEulerAnglesHint.z
      value: -2.9176972
      objectReference: {fileID: 0}
    - target: {fileID: -7340259633623296652, guid: 779b4ea00633fca43be9ba7ad702cc7e,
        type: 3}
      propertyPath: m_LocalEulerAnglesHint.x
      value: 11.121603
      objectReference: {fileID: 0}
    - target: {fileID: -7340259633623296652, guid: 779b4ea00633fca43be9ba7ad702cc7e,
        type: 3}
      propertyPath: m_LocalEulerAnglesHint.y
      value: -0.12040437
      objectReference: {fileID: 0}
    - target: {fileID: -7340259633623296652, guid: 779b4ea00633fca43be9ba7ad702cc7e,
        type: 3}
      propertyPath: m_LocalEulerAnglesHint.z
      value: -1.2895914
      objectReference: {fileID: 0}
    - target: {fileID: -6216237607336786416, guid: 779b4ea00633fca43be9ba7ad702cc7e,
        type: 3}
      propertyPath: m_LocalEulerAnglesHint.x
      value: 59.271305
      objectReference: {fileID: 0}
    - target: {fileID: -6216237607336786416, guid: 779b4ea00633fca43be9ba7ad702cc7e,
        type: 3}
      propertyPath: m_LocalEulerAnglesHint.y
      value: -35.76714
      objectReference: {fileID: 0}
    - target: {fileID: -6216237607336786416, guid: 779b4ea00633fca43be9ba7ad702cc7e,
        type: 3}
      propertyPath: m_LocalEulerAnglesHint.z
      value: -32.54368
      objectReference: {fileID: 0}
    - target: {fileID: -6122824124053202021, guid: 779b4ea00633fca43be9ba7ad702cc7e,
        type: 3}
      propertyPath: m_LocalEulerAnglesHint.x
      value: 15.632748
      objectReference: {fileID: 0}
    - target: {fileID: -6122824124053202021, guid: 779b4ea00633fca43be9ba7ad702cc7e,
        type: 3}
      propertyPath: m_LocalEulerAnglesHint.y
      value: 9.820118
      objectReference: {fileID: 0}
    - target: {fileID: -6122824124053202021, guid: 779b4ea00633fca43be9ba7ad702cc7e,
        type: 3}
      propertyPath: m_LocalEulerAnglesHint.z
      value: -2.5053782
      objectReference: {fileID: 0}
    - target: {fileID: -5932391084027548538, guid: 779b4ea00633fca43be9ba7ad702cc7e,
        type: 3}
      propertyPath: m_LocalEulerAnglesHint.x
      value: 30.151482
      objectReference: {fileID: 0}
    - target: {fileID: -5932391084027548538, guid: 779b4ea00633fca43be9ba7ad702cc7e,
        type: 3}
      propertyPath: m_LocalEulerAnglesHint.y
      value: -53.578068
      objectReference: {fileID: 0}
    - target: {fileID: -5932391084027548538, guid: 779b4ea00633fca43be9ba7ad702cc7e,
        type: 3}
      propertyPath: m_LocalEulerAnglesHint.z
      value: 54.625496
      objectReference: {fileID: 0}
    - target: {fileID: -5713038328094817545, guid: 779b4ea00633fca43be9ba7ad702cc7e,
        type: 3}
      propertyPath: m_LocalEulerAnglesHint.x
      value: 78.59889
      objectReference: {fileID: 0}
    - target: {fileID: -5713038328094817545, guid: 779b4ea00633fca43be9ba7ad702cc7e,
        type: 3}
      propertyPath: m_LocalEulerAnglesHint.y
      value: -143.54686
      objectReference: {fileID: 0}
    - target: {fileID: -5713038328094817545, guid: 779b4ea00633fca43be9ba7ad702cc7e,
        type: 3}
      propertyPath: m_LocalEulerAnglesHint.z
      value: 149.98282
      objectReference: {fileID: 0}
    - target: {fileID: -5026355965721047385, guid: 779b4ea00633fca43be9ba7ad702cc7e,
        type: 3}
      propertyPath: m_LocalEulerAnglesHint.x
      value: 7.6482663
      objectReference: {fileID: 0}
    - target: {fileID: -5026355965721047385, guid: 779b4ea00633fca43be9ba7ad702cc7e,
        type: 3}
      propertyPath: m_LocalEulerAnglesHint.y
      value: 0.420249
      objectReference: {fileID: 0}
    - target: {fileID: -5026355965721047385, guid: 779b4ea00633fca43be9ba7ad702cc7e,
        type: 3}
      propertyPath: m_LocalEulerAnglesHint.z
      value: 5.379768
      objectReference: {fileID: 0}
    - target: {fileID: -4846917570168361092, guid: 779b4ea00633fca43be9ba7ad702cc7e,
        type: 3}
      propertyPath: m_LocalEulerAnglesHint.x
      value: 5.2272773
      objectReference: {fileID: 0}
    - target: {fileID: -4846917570168361092, guid: 779b4ea00633fca43be9ba7ad702cc7e,
        type: 3}
      propertyPath: m_LocalEulerAnglesHint.y
      value: 0.05652909
      objectReference: {fileID: 0}
    - target: {fileID: -4846917570168361092, guid: 779b4ea00633fca43be9ba7ad702cc7e,
        type: 3}
      propertyPath: m_LocalEulerAnglesHint.z
      value: 1.3186677
      objectReference: {fileID: 0}
    - target: {fileID: -4576545779930407614, guid: 779b4ea00633fca43be9ba7ad702cc7e,
        type: 3}
      propertyPath: m_LocalEulerAnglesHint.x
      value: 36.99381
      objectReference: {fileID: 0}
    - target: {fileID: -4576545779930407614, guid: 779b4ea00633fca43be9ba7ad702cc7e,
        type: 3}
      propertyPath: m_LocalEulerAnglesHint.y
      value: -9.287667
      objectReference: {fileID: 0}
    - target: {fileID: -4576545779930407614, guid: 779b4ea00633fca43be9ba7ad702cc7e,
        type: 3}
      propertyPath: m_LocalEulerAnglesHint.z
      value: -0.05839079
      objectReference: {fileID: 0}
    - target: {fileID: -4446386068642797140, guid: 779b4ea00633fca43be9ba7ad702cc7e,
        type: 3}
      propertyPath: m_LocalEulerAnglesHint.x
      value: -43.985203
      objectReference: {fileID: 0}
    - target: {fileID: -4446386068642797140, guid: 779b4ea00633fca43be9ba7ad702cc7e,
        type: 3}
      propertyPath: m_LocalEulerAnglesHint.y
      value: -9.657778
      objectReference: {fileID: 0}
    - target: {fileID: -4446386068642797140, guid: 779b4ea00633fca43be9ba7ad702cc7e,
        type: 3}
      propertyPath: m_LocalEulerAnglesHint.z
      value: 9.696521
      objectReference: {fileID: 0}
    - target: {fileID: -4332316277395210795, guid: 779b4ea00633fca43be9ba7ad702cc7e,
        type: 3}
      propertyPath: m_LocalEulerAnglesHint.x
      value: -40.097775
      objectReference: {fileID: 0}
    - target: {fileID: -4332316277395210795, guid: 779b4ea00633fca43be9ba7ad702cc7e,
        type: 3}
      propertyPath: m_LocalEulerAnglesHint.y
      value: -1.3407067
      objectReference: {fileID: 0}
    - target: {fileID: -4332316277395210795, guid: 779b4ea00633fca43be9ba7ad702cc7e,
        type: 3}
      propertyPath: m_LocalEulerAnglesHint.z
      value: -155.45555
      objectReference: {fileID: 0}
    - target: {fileID: -4287526721014282399, guid: 779b4ea00633fca43be9ba7ad702cc7e,
        type: 3}
      propertyPath: m_LocalEulerAnglesHint.x
      value: 4.2495923
      objectReference: {fileID: 0}
    - target: {fileID: -4287526721014282399, guid: 779b4ea00633fca43be9ba7ad702cc7e,
        type: 3}
      propertyPath: m_LocalEulerAnglesHint.y
      value: -0.25778016
      objectReference: {fileID: 0}
    - target: {fileID: -4287526721014282399, guid: 779b4ea00633fca43be9ba7ad702cc7e,
        type: 3}
      propertyPath: m_LocalEulerAnglesHint.z
      value: -5.5736427
      objectReference: {fileID: 0}
    - target: {fileID: -4216859302048453862, guid: 779b4ea00633fca43be9ba7ad702cc7e,
        type: 3}
      propertyPath: m_LocalPosition.x
      value: 0
      objectReference: {fileID: 0}
    - target: {fileID: -4216859302048453862, guid: 779b4ea00633fca43be9ba7ad702cc7e,
        type: 3}
      propertyPath: m_LocalPosition.y
      value: -0.99
      objectReference: {fileID: 0}
    - target: {fileID: -4216859302048453862, guid: 779b4ea00633fca43be9ba7ad702cc7e,
        type: 3}
      propertyPath: m_LocalPosition.z
      value: -0.03
      objectReference: {fileID: 0}
    - target: {fileID: -4216859302048453862, guid: 779b4ea00633fca43be9ba7ad702cc7e,
        type: 3}
      propertyPath: m_LocalRotation.x
      value: 0
      objectReference: {fileID: 0}
    - target: {fileID: -4216859302048453862, guid: 779b4ea00633fca43be9ba7ad702cc7e,
        type: 3}
      propertyPath: m_LocalRotation.y
      value: 0
      objectReference: {fileID: 0}
    - target: {fileID: -4216859302048453862, guid: 779b4ea00633fca43be9ba7ad702cc7e,
        type: 3}
      propertyPath: m_LocalRotation.z
      value: 0
      objectReference: {fileID: 0}
    - target: {fileID: -4216859302048453862, guid: 779b4ea00633fca43be9ba7ad702cc7e,
        type: 3}
      propertyPath: m_LocalRotation.w
      value: 1
      objectReference: {fileID: 0}
    - target: {fileID: -4216859302048453862, guid: 779b4ea00633fca43be9ba7ad702cc7e,
        type: 3}
      propertyPath: m_RootOrder
      value: 0
      objectReference: {fileID: 0}
    - target: {fileID: -4216859302048453862, guid: 779b4ea00633fca43be9ba7ad702cc7e,
        type: 3}
      propertyPath: m_LocalEulerAnglesHint.x
      value: 0
      objectReference: {fileID: 0}
    - target: {fileID: -4216859302048453862, guid: 779b4ea00633fca43be9ba7ad702cc7e,
        type: 3}
      propertyPath: m_LocalEulerAnglesHint.y
      value: 0
      objectReference: {fileID: 0}
    - target: {fileID: -4216859302048453862, guid: 779b4ea00633fca43be9ba7ad702cc7e,
        type: 3}
      propertyPath: m_LocalEulerAnglesHint.z
      value: 0
      objectReference: {fileID: 0}
    - target: {fileID: -4216859302048453862, guid: 779b4ea00633fca43be9ba7ad702cc7e,
        type: 3}
      propertyPath: m_LocalScale.x
      value: 1
      objectReference: {fileID: 0}
    - target: {fileID: -4216859302048453862, guid: 779b4ea00633fca43be9ba7ad702cc7e,
        type: 3}
      propertyPath: m_LocalScale.y
      value: 1
      objectReference: {fileID: 0}
    - target: {fileID: -4216859302048453862, guid: 779b4ea00633fca43be9ba7ad702cc7e,
        type: 3}
      propertyPath: m_LocalScale.z
      value: 1
      objectReference: {fileID: 0}
    - target: {fileID: -3962954769831686180, guid: 779b4ea00633fca43be9ba7ad702cc7e,
        type: 3}
      propertyPath: m_LocalEulerAnglesHint.x
      value: 7.543791
      objectReference: {fileID: 0}
    - target: {fileID: -3962954769831686180, guid: 779b4ea00633fca43be9ba7ad702cc7e,
        type: 3}
      propertyPath: m_LocalEulerAnglesHint.y
      value: -4.8561735
      objectReference: {fileID: 0}
    - target: {fileID: -3962954769831686180, guid: 779b4ea00633fca43be9ba7ad702cc7e,
        type: 3}
      propertyPath: m_LocalEulerAnglesHint.z
      value: -0.5890876
      objectReference: {fileID: 0}
    - target: {fileID: -3545847625502434887, guid: 779b4ea00633fca43be9ba7ad702cc7e,
        type: 3}
      propertyPath: m_LocalEulerAnglesHint.x
      value: 28.842808
      objectReference: {fileID: 0}
    - target: {fileID: -3545847625502434887, guid: 779b4ea00633fca43be9ba7ad702cc7e,
        type: 3}
      propertyPath: m_LocalEulerAnglesHint.y
      value: -35.317043
      objectReference: {fileID: 0}
    - target: {fileID: -3545847625502434887, guid: 779b4ea00633fca43be9ba7ad702cc7e,
        type: 3}
      propertyPath: m_LocalEulerAnglesHint.z
      value: 10.001618
      objectReference: {fileID: 0}
    - target: {fileID: -3322758011952901245, guid: 779b4ea00633fca43be9ba7ad702cc7e,
        type: 3}
      propertyPath: m_LocalEulerAnglesHint.x
      value: 5.2933183
      objectReference: {fileID: 0}
    - target: {fileID: -3322758011952901245, guid: 779b4ea00633fca43be9ba7ad702cc7e,
        type: 3}
      propertyPath: m_LocalEulerAnglesHint.y
      value: -0.0023935405
      objectReference: {fileID: 0}
    - target: {fileID: -3322758011952901245, guid: 779b4ea00633fca43be9ba7ad702cc7e,
        type: 3}
      propertyPath: m_LocalEulerAnglesHint.z
      value: -0.45978135
      objectReference: {fileID: 0}
    - target: {fileID: -3066265309838206869, guid: 779b4ea00633fca43be9ba7ad702cc7e,
        type: 3}
      propertyPath: m_LocalEulerAnglesHint.x
      value: 11.114679
      objectReference: {fileID: 0}
    - target: {fileID: -3066265309838206869, guid: 779b4ea00633fca43be9ba7ad702cc7e,
        type: 3}
      propertyPath: m_LocalEulerAnglesHint.y
      value: -0.12931806
      objectReference: {fileID: 0}
    - target: {fileID: -3066265309838206869, guid: 779b4ea00633fca43be9ba7ad702cc7e,
        type: 3}
      propertyPath: m_LocalEulerAnglesHint.z
      value: -1.3282771
      objectReference: {fileID: 0}
    - target: {fileID: -2324024432550364939, guid: 779b4ea00633fca43be9ba7ad702cc7e,
        type: 3}
      propertyPath: m_LocalEulerAnglesHint.x
      value: 2.5817084
      objectReference: {fileID: 0}
    - target: {fileID: -2324024432550364939, guid: 779b4ea00633fca43be9ba7ad702cc7e,
        type: 3}
      propertyPath: m_LocalEulerAnglesHint.y
      value: 0.009576245
      objectReference: {fileID: 0}
    - target: {fileID: -2324024432550364939, guid: 779b4ea00633fca43be9ba7ad702cc7e,
        type: 3}
      propertyPath: m_LocalEulerAnglesHint.z
      value: 0.5267625
      objectReference: {fileID: 0}
    - target: {fileID: -1034301866573418081, guid: 779b4ea00633fca43be9ba7ad702cc7e,
        type: 3}
      propertyPath: m_LocalEulerAnglesHint.x
      value: 0.5028363
      objectReference: {fileID: 0}
    - target: {fileID: -1034301866573418081, guid: 779b4ea00633fca43be9ba7ad702cc7e,
        type: 3}
      propertyPath: m_LocalEulerAnglesHint.y
      value: -6.117778
      objectReference: {fileID: 0}
    - target: {fileID: -1034301866573418081, guid: 779b4ea00633fca43be9ba7ad702cc7e,
        type: 3}
      propertyPath: m_LocalEulerAnglesHint.z
      value: 0.5466951
      objectReference: {fileID: 0}
    - target: {fileID: -927199367670048503, guid: 779b4ea00633fca43be9ba7ad702cc7e,
        type: 3}
      propertyPath: m_Name
      value: ZombieModel
      objectReference: {fileID: 0}
    - target: {fileID: -927199367670048503, guid: 779b4ea00633fca43be9ba7ad702cc7e,
        type: 3}
      propertyPath: m_IsActive
      value: 1
      objectReference: {fileID: 0}
    - target: {fileID: -866298539765846158, guid: 779b4ea00633fca43be9ba7ad702cc7e,
        type: 3}
      propertyPath: m_LocalEulerAnglesHint.x
      value: 4.2431636
      objectReference: {fileID: 0}
    - target: {fileID: -866298539765846158, guid: 779b4ea00633fca43be9ba7ad702cc7e,
        type: 3}
      propertyPath: m_LocalEulerAnglesHint.y
      value: -0.50118977
      objectReference: {fileID: 0}
    - target: {fileID: -866298539765846158, guid: 779b4ea00633fca43be9ba7ad702cc7e,
        type: 3}
      propertyPath: m_LocalEulerAnglesHint.z
      value: -5.359761
      objectReference: {fileID: 0}
    - target: {fileID: -638697345108212478, guid: 779b4ea00633fca43be9ba7ad702cc7e,
        type: 3}
      propertyPath: m_LocalEulerAnglesHint.x
      value: 8.788525
      objectReference: {fileID: 0}
    - target: {fileID: -638697345108212478, guid: 779b4ea00633fca43be9ba7ad702cc7e,
        type: 3}
      propertyPath: m_LocalEulerAnglesHint.y
      value: -12.576408
      objectReference: {fileID: 0}
    - target: {fileID: -638697345108212478, guid: 779b4ea00633fca43be9ba7ad702cc7e,
        type: 3}
      propertyPath: m_LocalEulerAnglesHint.z
      value: -111.62662
      objectReference: {fileID: 0}
    - target: {fileID: 877658759077362729, guid: 779b4ea00633fca43be9ba7ad702cc7e,
        type: 3}
      propertyPath: m_LocalEulerAnglesHint.x
      value: 5.195712
      objectReference: {fileID: 0}
    - target: {fileID: 877658759077362729, guid: 779b4ea00633fca43be9ba7ad702cc7e,
        type: 3}
      propertyPath: m_LocalEulerAnglesHint.y
      value: 0.042607293
      objectReference: {fileID: 0}
    - target: {fileID: 877658759077362729, guid: 779b4ea00633fca43be9ba7ad702cc7e,
        type: 3}
      propertyPath: m_LocalEulerAnglesHint.z
      value: 1.0128037
      objectReference: {fileID: 0}
    - target: {fileID: 1129564977021250100, guid: 779b4ea00633fca43be9ba7ad702cc7e,
        type: 3}
      propertyPath: m_LocalEulerAnglesHint.x
      value: 7.003843
      objectReference: {fileID: 0}
    - target: {fileID: 1129564977021250100, guid: 779b4ea00633fca43be9ba7ad702cc7e,
        type: 3}
      propertyPath: m_LocalEulerAnglesHint.y
      value: 9.537992
      objectReference: {fileID: 0}
    - target: {fileID: 1129564977021250100, guid: 779b4ea00633fca43be9ba7ad702cc7e,
        type: 3}
      propertyPath: m_LocalEulerAnglesHint.z
      value: -4.0061016
      objectReference: {fileID: 0}
    - target: {fileID: 1326088597676415998, guid: 779b4ea00633fca43be9ba7ad702cc7e,
        type: 3}
      propertyPath: m_LocalEulerAnglesHint.x
      value: 5.287038
      objectReference: {fileID: 0}
    - target: {fileID: 1326088597676415998, guid: 779b4ea00633fca43be9ba7ad702cc7e,
        type: 3}
      propertyPath: m_LocalEulerAnglesHint.y
      value: -0.0065879384
      objectReference: {fileID: 0}
    - target: {fileID: 1326088597676415998, guid: 779b4ea00633fca43be9ba7ad702cc7e,
        type: 3}
      propertyPath: m_LocalEulerAnglesHint.z
      value: -0.6409045
      objectReference: {fileID: 0}
    - target: {fileID: 1339460901568006845, guid: 779b4ea00633fca43be9ba7ad702cc7e,
        type: 3}
      propertyPath: m_LocalEulerAnglesHint.x
      value: 14.439021
      objectReference: {fileID: 0}
    - target: {fileID: 1339460901568006845, guid: 779b4ea00633fca43be9ba7ad702cc7e,
        type: 3}
      propertyPath: m_LocalEulerAnglesHint.y
      value: 12.287161
      objectReference: {fileID: 0}
    - target: {fileID: 1339460901568006845, guid: 779b4ea00633fca43be9ba7ad702cc7e,
        type: 3}
      propertyPath: m_LocalEulerAnglesHint.z
      value: 33.220802
      objectReference: {fileID: 0}
    - target: {fileID: 1628697583109285864, guid: 779b4ea00633fca43be9ba7ad702cc7e,
        type: 3}
      propertyPath: m_LocalEulerAnglesHint.x
      value: 7.621595
      objectReference: {fileID: 0}
    - target: {fileID: 1628697583109285864, guid: 779b4ea00633fca43be9ba7ad702cc7e,
        type: 3}
      propertyPath: m_LocalEulerAnglesHint.y
      value: 0.7067008
      objectReference: {fileID: 0}
    - target: {fileID: 1628697583109285864, guid: 779b4ea00633fca43be9ba7ad702cc7e,
        type: 3}
      propertyPath: m_LocalEulerAnglesHint.z
      value: 5.3989234
      objectReference: {fileID: 0}
    - target: {fileID: 1731801994475374624, guid: 779b4ea00633fca43be9ba7ad702cc7e,
        type: 3}
      propertyPath: m_LocalEulerAnglesHint.x
      value: 4.362355
      objectReference: {fileID: 0}
    - target: {fileID: 1731801994475374624, guid: 779b4ea00633fca43be9ba7ad702cc7e,
        type: 3}
      propertyPath: m_LocalEulerAnglesHint.y
      value: 0.80234337
      objectReference: {fileID: 0}
    - target: {fileID: 1731801994475374624, guid: 779b4ea00633fca43be9ba7ad702cc7e,
        type: 3}
      propertyPath: m_LocalEulerAnglesHint.z
      value: -5.162959
      objectReference: {fileID: 0}
    - target: {fileID: 2710777094780935149, guid: 779b4ea00633fca43be9ba7ad702cc7e,
        type: 3}
      propertyPath: m_LocalEulerAnglesHint.x
      value: 11.107966
      objectReference: {fileID: 0}
    - target: {fileID: 2710777094780935149, guid: 779b4ea00633fca43be9ba7ad702cc7e,
        type: 3}
      propertyPath: m_LocalEulerAnglesHint.y
      value: -0.13724124
      objectReference: {fileID: 0}
    - target: {fileID: 2710777094780935149, guid: 779b4ea00633fca43be9ba7ad702cc7e,
        type: 3}
      propertyPath: m_LocalEulerAnglesHint.z
      value: -1.4016736
      objectReference: {fileID: 0}
    - target: {fileID: 2984244871815571561, guid: 779b4ea00633fca43be9ba7ad702cc7e,
        type: 3}
      propertyPath: m_LocalEulerAnglesHint.x
      value: 7.59208
      objectReference: {fileID: 0}
    - target: {fileID: 2984244871815571561, guid: 779b4ea00633fca43be9ba7ad702cc7e,
        type: 3}
      propertyPath: m_LocalEulerAnglesHint.y
      value: 1.0209104
      objectReference: {fileID: 0}
    - target: {fileID: 2984244871815571561, guid: 779b4ea00633fca43be9ba7ad702cc7e,
        type: 3}
      propertyPath: m_LocalEulerAnglesHint.z
      value: 5.4252024
      objectReference: {fileID: 0}
    - target: {fileID: 3621840866221923720, guid: 779b4ea00633fca43be9ba7ad702cc7e,
        type: 3}
      propertyPath: m_LocalEulerAnglesHint.x
      value: 2.6058583
      objectReference: {fileID: 0}
    - target: {fileID: 3621840866221923720, guid: 779b4ea00633fca43be9ba7ad702cc7e,
        type: 3}
      propertyPath: m_LocalEulerAnglesHint.y
      value: -0.0062793167
      objectReference: {fileID: 0}
    - target: {fileID: 3621840866221923720, guid: 779b4ea00633fca43be9ba7ad702cc7e,
        type: 3}
      propertyPath: m_LocalEulerAnglesHint.z
      value: 0.2949278
      objectReference: {fileID: 0}
    - target: {fileID: 3828574624102167522, guid: 779b4ea00633fca43be9ba7ad702cc7e,
        type: 3}
      propertyPath: m_LocalEulerAnglesHint.x
      value: -3.35506
      objectReference: {fileID: 0}
    - target: {fileID: 3828574624102167522, guid: 779b4ea00633fca43be9ba7ad702cc7e,
        type: 3}
      propertyPath: m_LocalEulerAnglesHint.y
      value: -3.3710139
      objectReference: {fileID: 0}
    - target: {fileID: 3828574624102167522, guid: 779b4ea00633fca43be9ba7ad702cc7e,
        type: 3}
      propertyPath: m_LocalEulerAnglesHint.z
      value: -4.6540866
      objectReference: {fileID: 0}
    - target: {fileID: 4179523924581005579, guid: 779b4ea00633fca43be9ba7ad702cc7e,
        type: 3}
      propertyPath: m_LocalEulerAnglesHint.x
      value: 7.7420573
      objectReference: {fileID: 0}
    - target: {fileID: 4179523924581005579, guid: 779b4ea00633fca43be9ba7ad702cc7e,
        type: 3}
      propertyPath: m_LocalEulerAnglesHint.y
      value: -0.6027815
      objectReference: {fileID: 0}
    - target: {fileID: 4179523924581005579, guid: 779b4ea00633fca43be9ba7ad702cc7e,
        type: 3}
      propertyPath: m_LocalEulerAnglesHint.z
      value: 5.0906806
      objectReference: {fileID: 0}
    - target: {fileID: 5072013772278220884, guid: 779b4ea00633fca43be9ba7ad702cc7e,
        type: 3}
      propertyPath: m_LocalEulerAnglesHint.x
      value: 3.6874375
      objectReference: {fileID: 0}
    - target: {fileID: 5072013772278220884, guid: 779b4ea00633fca43be9ba7ad702cc7e,
        type: 3}
      propertyPath: m_LocalEulerAnglesHint.y
      value: 2.7465672
      objectReference: {fileID: 0}
    - target: {fileID: 5072013772278220884, guid: 779b4ea00633fca43be9ba7ad702cc7e,
        type: 3}
      propertyPath: m_LocalEulerAnglesHint.z
      value: -1.0580093
      objectReference: {fileID: 0}
    - target: {fileID: 5214305254475568637, guid: 779b4ea00633fca43be9ba7ad702cc7e,
        type: 3}
      propertyPath: m_LocalEulerAnglesHint.x
      value: 74.681435
      objectReference: {fileID: 0}
    - target: {fileID: 5214305254475568637, guid: 779b4ea00633fca43be9ba7ad702cc7e,
        type: 3}
      propertyPath: m_LocalEulerAnglesHint.y
      value: 95.3453
      objectReference: {fileID: 0}
    - target: {fileID: 5214305254475568637, guid: 779b4ea00633fca43be9ba7ad702cc7e,
        type: 3}
      propertyPath: m_LocalEulerAnglesHint.z
      value: -175.37177
      objectReference: {fileID: 0}
    - target: {fileID: 5229773884015433526, guid: 779b4ea00633fca43be9ba7ad702cc7e,
        type: 3}
      propertyPath: m_LocalEulerAnglesHint.x
      value: 16.801765
      objectReference: {fileID: 0}
    - target: {fileID: 5229773884015433526, guid: 779b4ea00633fca43be9ba7ad702cc7e,
        type: 3}
      propertyPath: m_LocalEulerAnglesHint.y
      value: -11.7968235
      objectReference: {fileID: 0}
    - target: {fileID: 5229773884015433526, guid: 779b4ea00633fca43be9ba7ad702cc7e,
        type: 3}
      propertyPath: m_LocalEulerAnglesHint.z
      value: -25.787447
      objectReference: {fileID: 0}
    - target: {fileID: 5270249108133921910, guid: 779b4ea00633fca43be9ba7ad702cc7e,
        type: 3}
      propertyPath: m_LocalEulerAnglesHint.x
      value: 2.60738
      objectReference: {fileID: 0}
    - target: {fileID: 5270249108133921910, guid: 779b4ea00633fca43be9ba7ad702cc7e,
        type: 3}
      propertyPath: m_LocalEulerAnglesHint.y
      value: 0.016354483
      objectReference: {fileID: 0}
    - target: {fileID: 5270249108133921910, guid: 779b4ea00633fca43be9ba7ad702cc7e,
        type: 3}
      propertyPath: m_LocalEulerAnglesHint.z
      value: 0.6821794
      objectReference: {fileID: 0}
    - target: {fileID: 5325516737036298967, guid: 779b4ea00633fca43be9ba7ad702cc7e,
        type: 3}
      propertyPath: m_LocalEulerAnglesHint.x
      value: 37.564796
      objectReference: {fileID: 0}
    - target: {fileID: 5325516737036298967, guid: 779b4ea00633fca43be9ba7ad702cc7e,
        type: 3}
      propertyPath: m_LocalEulerAnglesHint.y
      value: 9.132899
      objectReference: {fileID: 0}
    - target: {fileID: 5325516737036298967, guid: 779b4ea00633fca43be9ba7ad702cc7e,
        type: 3}
      propertyPath: m_LocalEulerAnglesHint.z
      value: 0.07443506
      objectReference: {fileID: 0}
    - target: {fileID: 5381432280231294688, guid: 779b4ea00633fca43be9ba7ad702cc7e,
        type: 3}
      propertyPath: m_LocalEulerAnglesHint.x
      value: 11.082528
      objectReference: {fileID: 0}
    - target: {fileID: 5381432280231294688, guid: 779b4ea00633fca43be9ba7ad702cc7e,
        type: 3}
      propertyPath: m_LocalEulerAnglesHint.y
      value: -0.118056454
      objectReference: {fileID: 0}
    - target: {fileID: 5381432280231294688, guid: 779b4ea00633fca43be9ba7ad702cc7e,
        type: 3}
      propertyPath: m_LocalEulerAnglesHint.z
      value: -1.2081435
      objectReference: {fileID: 0}
    - target: {fileID: 5942255282505269173, guid: 779b4ea00633fca43be9ba7ad702cc7e,
        type: 3}
      propertyPath: m_LocalEulerAnglesHint.x
      value: 5.214793
      objectReference: {fileID: 0}
    - target: {fileID: 5942255282505269173, guid: 779b4ea00633fca43be9ba7ad702cc7e,
        type: 3}
      propertyPath: m_LocalEulerAnglesHint.y
      value: 0.04243802
      objectReference: {fileID: 0}
    - target: {fileID: 5942255282505269173, guid: 779b4ea00633fca43be9ba7ad702cc7e,
        type: 3}
      propertyPath: m_LocalEulerAnglesHint.z
      value: 0.7563709
      objectReference: {fileID: 0}
    - target: {fileID: 5987180756358729851, guid: 779b4ea00633fca43be9ba7ad702cc7e,
        type: 3}
      propertyPath: m_LocalEulerAnglesHint.x
      value: 2.021446
      objectReference: {fileID: 0}
    - target: {fileID: 5987180756358729851, guid: 779b4ea00633fca43be9ba7ad702cc7e,
        type: 3}
      propertyPath: m_LocalEulerAnglesHint.y
      value: -0.18135346
      objectReference: {fileID: 0}
    - target: {fileID: 5987180756358729851, guid: 779b4ea00633fca43be9ba7ad702cc7e,
        type: 3}
      propertyPath: m_LocalEulerAnglesHint.z
      value: 12.332754
      objectReference: {fileID: 0}
    - target: {fileID: 6299458842453681590, guid: 779b4ea00633fca43be9ba7ad702cc7e,
        type: 3}
      propertyPath: m_LocalEulerAnglesHint.x
      value: -2.5095463
      objectReference: {fileID: 0}
    - target: {fileID: 6299458842453681590, guid: 779b4ea00633fca43be9ba7ad702cc7e,
        type: 3}
      propertyPath: m_LocalEulerAnglesHint.y
      value: 13.496821
      objectReference: {fileID: 0}
    - target: {fileID: 6299458842453681590, guid: 779b4ea00633fca43be9ba7ad702cc7e,
        type: 3}
      propertyPath: m_LocalEulerAnglesHint.z
      value: -0.03219843
      objectReference: {fileID: 0}
    - target: {fileID: 6520709229388622332, guid: 779b4ea00633fca43be9ba7ad702cc7e,
        type: 3}
      propertyPath: m_LocalEulerAnglesHint.x
      value: 5.274937
      objectReference: {fileID: 0}
    - target: {fileID: 6520709229388622332, guid: 779b4ea00633fca43be9ba7ad702cc7e,
        type: 3}
      propertyPath: m_LocalEulerAnglesHint.y
      value: -0.038385604
      objectReference: {fileID: 0}
    - target: {fileID: 6520709229388622332, guid: 779b4ea00633fca43be9ba7ad702cc7e,
        type: 3}
      propertyPath: m_LocalEulerAnglesHint.z
      value: -1.0317967
      objectReference: {fileID: 0}
    - target: {fileID: 6559368036496763199, guid: 779b4ea00633fca43be9ba7ad702cc7e,
        type: 3}
      propertyPath: m_LocalEulerAnglesHint.x
      value: 7.4338026
      objectReference: {fileID: 0}
    - target: {fileID: 6559368036496763199, guid: 779b4ea00633fca43be9ba7ad702cc7e,
        type: 3}
      propertyPath: m_LocalEulerAnglesHint.y
      value: -4.9500966
      objectReference: {fileID: 0}
    - target: {fileID: 6559368036496763199, guid: 779b4ea00633fca43be9ba7ad702cc7e,
        type: 3}
      propertyPath: m_LocalEulerAnglesHint.z
      value: -0.603242
      objectReference: {fileID: 0}
    - target: {fileID: 6656282871648550495, guid: 779b4ea00633fca43be9ba7ad702cc7e,
        type: 3}
      propertyPath: m_LocalEulerAnglesHint.x
      value: 5.2901278
      objectReference: {fileID: 0}
    - target: {fileID: 6656282871648550495, guid: 779b4ea00633fca43be9ba7ad702cc7e,
        type: 3}
      propertyPath: m_LocalEulerAnglesHint.y
      value: -0.005077639
      objectReference: {fileID: 0}
    - target: {fileID: 6656282871648550495, guid: 779b4ea00633fca43be9ba7ad702cc7e,
        type: 3}
      propertyPath: m_LocalEulerAnglesHint.z
      value: -0.58855224
      objectReference: {fileID: 0}
    - target: {fileID: 6781519444705827226, guid: 779b4ea00633fca43be9ba7ad702cc7e,
        type: 3}
      propertyPath: m_LocalEulerAnglesHint.x
      value: -67.81211
      objectReference: {fileID: 0}
    - target: {fileID: 6781519444705827226, guid: 779b4ea00633fca43be9ba7ad702cc7e,
        type: 3}
      propertyPath: m_LocalEulerAnglesHint.y
      value: 18.073483
      objectReference: {fileID: 0}
    - target: {fileID: 6781519444705827226, guid: 779b4ea00633fca43be9ba7ad702cc7e,
        type: 3}
      propertyPath: m_LocalEulerAnglesHint.z
      value: 154.82051
      objectReference: {fileID: 0}
    - target: {fileID: 7117884833328620015, guid: 779b4ea00633fca43be9ba7ad702cc7e,
        type: 3}
      propertyPath: m_LocalEulerAnglesHint.x
      value: -33.79513
      objectReference: {fileID: 0}
    - target: {fileID: 7117884833328620015, guid: 779b4ea00633fca43be9ba7ad702cc7e,
        type: 3}
      propertyPath: m_LocalEulerAnglesHint.y
      value: -78.59836
      objectReference: {fileID: 0}
    - target: {fileID: 7117884833328620015, guid: 779b4ea00633fca43be9ba7ad702cc7e,
        type: 3}
      propertyPath: m_LocalEulerAnglesHint.z
      value: 28.50956
      objectReference: {fileID: 0}
    - target: {fileID: 7695293669774443194, guid: 779b4ea00633fca43be9ba7ad702cc7e,
        type: 3}
      propertyPath: m_LocalEulerAnglesHint.x
      value: -0.74083847
      objectReference: {fileID: 0}
    - target: {fileID: 7695293669774443194, guid: 779b4ea00633fca43be9ba7ad702cc7e,
        type: 3}
      propertyPath: m_LocalEulerAnglesHint.y
      value: -6.077064
      objectReference: {fileID: 0}
    - target: {fileID: 7695293669774443194, guid: 779b4ea00633fca43be9ba7ad702cc7e,
        type: 3}
      propertyPath: m_LocalEulerAnglesHint.z
      value: -20.514025
      objectReference: {fileID: 0}
    - target: {fileID: 8155382094163472306, guid: 779b4ea00633fca43be9ba7ad702cc7e,
        type: 3}
      propertyPath: m_LocalEulerAnglesHint.x
      value: -55.430767
      objectReference: {fileID: 0}
    - target: {fileID: 8155382094163472306, guid: 779b4ea00633fca43be9ba7ad702cc7e,
        type: 3}
      propertyPath: m_LocalEulerAnglesHint.y
      value: -14.703941
      objectReference: {fileID: 0}
    - target: {fileID: 8155382094163472306, guid: 779b4ea00633fca43be9ba7ad702cc7e,
        type: 3}
      propertyPath: m_LocalEulerAnglesHint.z
      value: 9.323189
      objectReference: {fileID: 0}
    - target: {fileID: 8689310328820337575, guid: 779b4ea00633fca43be9ba7ad702cc7e,
        type: 3}
      propertyPath: m_LocalEulerAnglesHint.x
      value: 0.6752504
      objectReference: {fileID: 0}
    - target: {fileID: 8689310328820337575, guid: 779b4ea00633fca43be9ba7ad702cc7e,
        type: 3}
      propertyPath: m_LocalEulerAnglesHint.y
      value: 0.50654006
      objectReference: {fileID: 0}
    - target: {fileID: 8689310328820337575, guid: 779b4ea00633fca43be9ba7ad702cc7e,
        type: 3}
      propertyPath: m_LocalEulerAnglesHint.z
      value: 2.4303732
      objectReference: {fileID: 0}
    - target: {fileID: 8690072313971625211, guid: 779b4ea00633fca43be9ba7ad702cc7e,
        type: 3}
      propertyPath: m_LocalEulerAnglesHint.x
      value: 18.13309
      objectReference: {fileID: 0}
    - target: {fileID: 8690072313971625211, guid: 779b4ea00633fca43be9ba7ad702cc7e,
        type: 3}
      propertyPath: m_LocalEulerAnglesHint.y
      value: -31.361868
      objectReference: {fileID: 0}
    - target: {fileID: 8690072313971625211, guid: 779b4ea00633fca43be9ba7ad702cc7e,
        type: 3}
      propertyPath: m_LocalEulerAnglesHint.z
      value: 2.4952884
      objectReference: {fileID: 0}
    m_RemovedComponents: []
  m_SourcePrefab: {fileID: 100100000, guid: 779b4ea00633fca43be9ba7ad702cc7e, type: 3}
--- !u!1 &9173858406377534801 stripped
GameObject:
  m_CorrespondingSourceObject: {fileID: -927199367670048503, guid: 779b4ea00633fca43be9ba7ad702cc7e,
    type: 3}
  m_PrefabInstance: {fileID: 896773279586610264}
  m_PrefabAsset: {fileID: 0}
--- !u!4 &5263386649454954306 stripped
Transform:
  m_CorrespondingSourceObject: {fileID: -4216859302048453862, guid: 779b4ea00633fca43be9ba7ad702cc7e,
    type: 3}
  m_PrefabInstance: {fileID: 896773279586610264}
  m_PrefabAsset: {fileID: 0}
